{"gold_per_floor":[118,138,138,138,158,158,191,191,191,46,146,46,64,12,12,111,111,126,156,156,176,195,523,523,550,604,618,618,93,93,113,113,214,214,229,229,279,279,129,139,165,218,218,218,218,236,266,282,282,282],"floor_reached":51,"playtime":9467,"items_purged":["Strike_R","Defend_R","Writhe","Defend_R"],"score":791,"play_id":"96eef62c-b5fe-410d-a274-da4a7febbddc","local_time":"20240501135814","is_ascension_mode":false,"campfire_choices":[{"data":"Bash","floor":6,"key":"SMITH"},{"data":"Intimidate","floor":8,"key":"SMITH"},{"data":"Whirlwind","floor":15,"key":"SMITH"},{"data":"Double Tap","floor":28,"key":"SMITH"},{"data":"Bloodletting","floor":30,"key":"SMITH"},{"data":"Burning Pact","floor":32,"key":"SMITH"},{"data":"Brutality","floor":45,"key":"SMITH"},{"data":"Madness","floor":49,"key":"SMITH"}],"neow_cost":"NONE","seed_source_timestamp":165224099535800,"circlet_count":0,"master_deck":["Strike_R+1","Strike_R","Bash+1","Uppercut+1","Intimidate+1","Bloodletting+1","Whirlwind+1","Carnage","Double Tap+1","Anger+1","Pommel Strike+1","Combust+1","Shrug It Off+1","Burning Pact","Reaper+1","Burning Pact+1","Clash+1","Whirlwind+1","Offering","Enlightenment","The Bomb","Madness","Madness+1","Brutality+1","Dark Embrace+1"],"relics":["Burning Blood","Meat on the Bone","Pear","Mercury Hourglass","Astrolabe","Red Mask","TungstenRod","Old Coin","Mummified Hand","Toy Ornithopter","Ornamental Fan","Brimstone","Coffee Dripper","Torii","Whetstone","Magic Flower","Mango","Happy Flower"],"potions_floor_usage":[16,16,19,23,25,46,50],"damage_taken":[{"damage":8,"enemies":"Cultist","floor":1,"turns":5},{"damage":0,"enemies":"2 Louse","floor":2,"turns":3},{"damage":3,"enemies":"Jaw Worm","floor":5,"turns":3},{"damage":24,"enemies":"Lagavulin","floor":7,"turns":7},{"damage":9,"enemies":"2 Fungi Beasts","floor":13,"turns":2},{"damage":41,"enemies":"The Guardian","floor":16,"turns":7},{"damage":12,"enemies":"Shell Parasite","floor":18,"turns":2},{"damage":0,"enemies":"Masked Bandits","floor":19,"turns":2},{"damage":6,"enemies":"Chosen","floor":21,"turns":3},{"damage":14,"enemies":"Snake Plant","floor":22,"turns":3},{"damage":16,"enemies":"Slavers","floor":23,"turns":3},{"damage":29,"enemies":"Book of Stabbing","floor":25,"turns":5},{"damage":18,"enemies":"Centurion and Healer","floor":27,"turns":4},{"damage":12,"enemies":"3 Cultists","floor":31,"turns":3},{"damage":4,"enemies":"Collector","floor":33,"turns":5},{"damage":7,"enemies":"Orb Walker","floor":35,"turns":2},{"damage":5,"enemies":"Mind Bloom Boss Battle","floor":37,"turns":3},{"damage":6,"enemies":"3 Shapes","floor":40,"turns":2},{"damage":16,"enemies":"Giant Head","floor":41,"turns":5},{"damage":5,"enemies":"2 Orb Walkers","floor":42,"turns":1},{"damage":16,"enemies":"Writhing Mass","floor":46,"turns":3},{"damage":31,"enemies":"Reptomancer","floor":47,"turns":3},{"damage":7,"enemies":"Maw","floor":48,"turns":3},{"damage":64,"enemies":"Time Eater","floor":50,"turns":4}],"seed_played":"-6723946837421085616","potions_obtained":[{"floor":1,"key":"CultistPotion"},{"floor":7,"key":"Explosive Potion"},{"floor":16,"key":"BloodPotion"},{"floor":18,"key":"Energy Potion"},{"floor":22,"key":"BlessingOfTheForge"},{"floor":27,"key":"BlessingOfTheForge"},{"floor":31,"key":"FairyPotion"},{"floor":37,"key":"FearPotion"},{"floor":48,"key":"DuplicationPotion"}],"is_trial":false,"path_per_floor":["M","M","?","?","M","R","E","R","T","$","?","$","M","$","R","B",null,"M","?","?","M","M","E","?","E","T","M","R","$","R","M","R","B",null,"M","?","?","?","$","M","E","?","T","?","R","M","E","M","R","B",null],"character_chosen":"IRONCLAD","items_purchased":["Whirlwind","Energy Potion","Ornamental Fan","Brimstone"],"campfire_rested":0,"item_purchase_floors":[10,14,29,29],"current_hp_per_floor":[86,88,85,85,88,88,80,80,80,80,80,80,77,77,77,54,98,92,98,98,98,90,80,80,71,71,71,71,71,71,83,83,98,98,97,88,89,78,78,78,80,81,95,95,95,96,92,109,109,80],"gold":282,"neow_bonus":"TEN_PERCENT_HP_BONUS","is_prod":false,"is_daily":false,"chose_seed":false,"campfire_upgraded":8,"win_rate":0.0,"timestamp":1714543094,"path_taken":["M","M","?","?","?","R","E","R","T","$","?","?","M","?","R","BOSS","M","?","?","M","M","E","?","E","T","?","R","$","R","M","R","BOSS","M","?","?","?","$","M","E","?","T","?","R","M","E","M","R","BOSS"],"build_version":"2022-12-18","purchased_purges":4,"victory":true,"max_hp_per_floor":[88,88,88,88,88,88,98,98,98,98,98,98,98,98,98,98,98,98,98,98,98,98,98,98,98,98,98,98,98,98,98,98,98,98,98,98,98,98,98,98,98,98,112,112,112,112,112,112,112,112],"card_choices":[{"not_picked":["Armaments","Shockwave"],"picked":"Uppercut","floor":1},{"not_picked":["Shrug It Off","Iron Wave"],"picked":"Intimidate","floor":2},{"not_picked":["Battle Trance","Headbutt"],"picked":"Bloodletting","floor":5},{"not_picked":["Intimidate","Pommel Strike","Clothesline"],"picked":"SKIP","floor":7},{"not_picked":["Anger","Warcry"],"picked":"Carnage","floor":13},{"not_picked":["Feed","Barricade"],"picked":"Double Tap","floor":16},{"not_picked":["Cleave","Clothesline","Carnage"],"picked":"SKIP","floor":18},{"not_picked":["Pommel Strike","Flex+1"],"picked":"Shrug It Off+1","floor":19},{"not_picked":["Warcry","Headbutt"],"picked":"Burning Pact","floor":21},{"not_picked":["Warcry","True Grit+1","Body Slam"],"picked":"SKIP","floor":22},{"not_picked":["Battle Trance+1","Fire Breathing"],"picked":"Reaper","floor":23},{"not_picked":["Sword Boomerang","Uppercut+1","Perfected Strike"],"picked":"SKIP","floor":25},{"not_picked":["Warcry","Power Through+1"],"picked":"Clash+1","floor":27},{"not_picked":["Combust","Flame Barrier"],"picked":"Whirlwind+1","floor":31},{"not_picked":["Corruption","Juggernaut"],"picked":"Offering","floor":33},{"not_picked":["Headbutt+1","Pommel Strike","Anger"],"picked":"SKIP","floor":35},{"not_picked":["Discovery","Forethought"],"picked":"Enlightenment","floor":36},{"not_picked":["Transmutation","Magnetism"],"picked":"The Bomb","floor":36},{"not_picked":["Twin Strike+1","Ghostly Armor+1","Sword Boomerang+1"],"picked":"SKIP","floor":40},{"not_picked":["Dropkick+1","Sword Boomerang"],"picked":"Brutality","floor":41},{"not_picked":["Iron Wave","Anger+1"],"picked":"Dark Embrace+1","floor":42},{"not_picked":["Cleave+1","Shrug It Off","Feel No Pain"],"picked":"SKIP","floor":46},{"not_picked":["Shrug It Off+1","Reaper","Twin Strike"],"picked":"SKIP","floor":47},{"not_picked":["Seeing Red","Cleave+1","Carnage+1"],"picked":"SKIP","floor":48}],"player_experience":70419,"relics_obtained":[{"floor":7,"key":"Pear"},{"floor":9,"key":"Mercury Hourglass"},{"floor":19,"key":"Red Mask"},{"floor":23,"key":"Old Coin"},{"floor":25,"key":"Mummified Hand"},{"floor":26,"key":"Toy Ornithopter"},{"floor":37,"key":"Torii"},{"floor":41,"key":"Whetstone"},{"floor":42,"key":"Magic Flower"},{"floor":43,"key":"Mango"},{"floor":47,"key":"Happy Flower"}],"event_choices":[{"damage_healed":0,"gold_gain":0,"player_choice":"Success","damage_taken":3,"relics_obtained":["Meat on the Bone"],"max_hp_gain":0,"max_hp_loss":0,"event_name":"Scrap Ooze","floor":3,"gold_loss":0},{"damage_healed":0,"gold_gain":0,"player_choice":"Forge","damage_taken":0,"max_hp_gain":0,"max_hp_loss":0,"event_name":"Accursed Blacksmith","floor":4,"gold_loss":0,"cards_upgraded":["Uppercut"]},{"damage_healed":0,"gold_gain":100,"player_choice":"Pray","damage_taken":0,"max_hp_gain":0,"max_hp_loss":0,"event_name":"Golden Shrine","floor":11,"gold_loss":0},{"damage_healed":0,"gold_gain":0,"player_choice":"Fought Bandits","damage_taken":0,"max_hp_gain":0,"max_hp_loss":0,"event_name":"Masked Bandits","floor":19,"gold_loss":0},{"damage_healed":0,"gold_gain":0,"player_choice":"Opened","damage_taken":0,"relics_obtained":["TungstenRod"],"max_hp_gain":0,"max_hp_loss":0,"event_name":"The Mausoleum","floor":20,"gold_loss":0,"cards_obtained":["Writhe"]},{"damage_healed":0,"gold_gain":0,"player_choice":"1 cards matched","damage_taken":0,"max_hp_gain":0,"max_hp_loss":0,"event_name":"Match and Keep!","floor":24,"gold_loss":0,"cards_obtained":["Burning Pact"]},{"damage_healed":0,"gold_gain":0,"player_choice":"Memory 3","damage_taken":10,"max_hp_gain":0,"max_hp_loss":0,"event_name":"SensoryStone","floor":36,"gold_loss":0},{"damage_healed":0,"gold_gain":0,"player_choice":"Fight","damage_taken":0,"max_hp_gain":0,"max_hp_loss":0,"event_name":"MindBloom","floor":37,"gold_loss":0},{"damage_healed":0,"gold_gain":0,"player_choice":"Embrace Madness","damage_taken":12,"max_hp_gain":0,"max_hp_loss":0,"event_name":"Winding Halls","floor":38,"gold_loss":0,"cards_obtained":["Madness","Madness"]},{"damage_healed":0,"gold_gain":0,"player_choice":"Fight","damage_taken":0,"max_hp_gain":0,"max_hp_loss":0,"event_name":"Mysterious Sphere","floor":42,"gold_loss":0},{"cards_removed":["Defend_R"],"damage_healed":0,"gold_gain":0,"player_choice":"Purged","damage_taken":0,"max_hp_gain":0,"max_hp_loss":0,"event_name":"Purifier","floor":44,"gold_loss":0}],"is_beta":false,"boss_relics":[{"not_picked":["Sozu","Tiny House"],"picked":"Astrolabe"},{"not_picked":["Empty Cage","Black Blood"],"picked":"Coffee Dripper"}],"items_purged_floors":[10,12,29,39],"is_endless":false,"potions_floor_spawned":[1,7,16,18,22,27,31,33,37,42,48],"ascension_level":0}