{"gold_per_floor":[111,111,179,189,239,274,274,305,305,305,355,8,52,2,2,123,123,139,162,212,236,251,251,301,341,341,362,383,424,474,132,132,261,261,286,296,346,70,111,111,149,199,252,365,31,75,39,74,74,74],"floor_reached":51,"playtime":7154,"items_purged":["Defend_R","Strike_R","Writhe"],"score":897,"play_id":"ad907080-faaa-4b0c-88f1-02040d0ca2b8","local_time":"20240505011406","is_ascension_mode":true,"campfire_choices":[{"data":"Wild Strike","floor":7,"key":"SMITH"},{"data":"Warcry","floor":10,"key":"SMITH"},{"floor":15,"key":"REST"},{"data":"Offering","floor":23,"key":"SMITH"},{"floor":32,"key":"REST"},{"data":"Barricade","floor":40,"key":"SMITH"},{"data":"Heavy Blade","floor":49,"key":"SMITH"}],"neow_cost":"CURSE","seed_source_timestamp":98909128054900,"circlet_count":0,"master_deck":["Bash","Evolve","Wild Strike+1","Ghostly Armor","Fire Breathing","Warcry+1","Shrug It Off","Fiend Fire+1","Demon Form","Hemokinesis+1","Berserk","Entrench","Pommel Strike","Searing Blow","Ghostly Armor","Warcry","Flex","Thunderclap","Offering+1","Inflame","Necronomicurse","Flame Barrier","Carnage","Burning Pact+1","Metallicize+1","RitualDagger","Barricade+1","Flame Barrier+1","HandOfGreed","PanicButton","Mayhem","Dark Embrace","Body Slam+1","Madness","Madness","Heavy Blade+1","Bludgeon","Enlightenment","Feel No Pain"],"relics":["Burning Blood","Calipers","SsserpentHead","Golden Idol","Juzu Bracelet","Matryoshka","Bag of Preparation","Question Card","White Beast Statue","Strawberry","Pandora\u0027s Box","Toy Ornithopter","Necronomicon","Mummified Hand","Pen Nib","HornCleat","Smiling Mask","Blood Vial","Medical Kit","Coffee Dripper","Potion Belt","Shuriken","Nunchaku","Bird Faced Urn","Meat on the Bone","Paper Frog"],"potions_floor_usage":[8,13,16,19,21,22,25,25,27,29,29,33,33,41,41,41,48,48,50,50,50],"damage_taken":[{"damage":1,"enemies":"Jaw Worm","floor":1,"turns":3},{"damage":6,"enemies":"Cultist","floor":3,"turns":4},{"damage":0,"enemies":"Small Slimes","floor":4,"turns":3},{"damage":33,"enemies":"3 Sentries","floor":6,"turns":9},{"damage":26,"enemies":"Lagavulin","floor":8,"turns":9},{"damage":9,"enemies":"3 Sentries","floor":13,"turns":5},{"damage":31,"enemies":"The Guardian","floor":16,"turns":11},{"damage":19,"enemies":"Spheric Guardian","floor":18,"turns":4},{"damage":20,"enemies":"3 Byrds","floor":19,"turns":7},{"damage":11,"enemies":"Shelled Parasite and Fungi","floor":21,"turns":5},{"damage":26,"enemies":"Cultist and Chosen","floor":22,"turns":5},{"damage":30,"enemies":"Gremlin Leader","floor":25,"turns":6},{"damage":4,"enemies":"Chosen and Byrds","floor":27,"turns":4},{"damage":6,"enemies":"Centurion and Healer","floor":28,"turns":6},{"damage":29,"enemies":"Slavers","floor":29,"turns":3},{"damage":29,"enemies":"Collector","floor":33,"turns":11},{"damage":8,"enemies":"3 Shapes","floor":35,"turns":5},{"damage":8,"enemies":"Orb Walker","floor":39,"turns":3},{"damage":73,"enemies":"Reptomancer","floor":41,"turns":6},{"damage":0,"enemies":"Mind Bloom Boss Battle","floor":44,"turns":4},{"damage":10,"enemies":"Giant Head","floor":46,"turns":7},{"damage":15,"enemies":"Maw","floor":48,"turns":6},{"damage":71,"enemies":"Awakened One","floor":50,"turns":6}],"seed_played":"6785795141150907688","potions_obtained":[{"floor":6,"key":"Weak Potion"},{"floor":8,"key":"SpeedPotion"},{"floor":13,"key":"SkillPotion"},{"floor":16,"key":"CultistPotion"},{"floor":18,"key":"BlessingOfTheForge"},{"floor":19,"key":"ColorlessPotion"},{"floor":21,"key":"Fire Potion"},{"floor":22,"key":"HeartOfIron"},{"floor":25,"key":"DistilledChaos"},{"floor":27,"key":"Fire Potion"},{"floor":28,"key":"Strength Potion"},{"floor":29,"key":"Fire Potion"},{"floor":33,"key":"HeartOfIron"},{"floor":35,"key":"BlessingOfTheForge"},{"floor":39,"key":"Regen Potion"},{"floor":41,"key":"CultistPotion"},{"floor":44,"key":"ColorlessPotion"},{"floor":46,"key":"AttackPotion"},{"floor":48,"key":"Block Potion"}],"is_trial":false,"path_per_floor":["M","?","M","M","?","E","R","E","T","R","?","$","E","$","R","B",null,"M","M","?","M","M","R","?","E","T","M","M","E","?","$","R","B",null,"M","?","?","$","M","R","E","?","T","?","$","E","$","M","R","B",null],"character_chosen":"IRONCLAD","items_purchased":["White Beast Statue","Shrug It Off","Blood Vial","Weak Potion","Medical Kit","Dark Embrace","Potion Belt","AttackPotion","Meat on the Bone","DuplicationPotion","Enlightenment"],"campfire_rested":2,"item_purchase_floors":[12,12,31,31,31,38,38,38,45,45,47],"current_hp_per_floor":[80,80,80,80,60,33,33,13,13,13,13,13,17,17,43,18,87,74,60,60,60,45,45,29,15,15,22,22,9,3,3,29,18,87,85,85,75,75,75,75,34,23,23,31,31,59,59,78,78,58],"gold":74,"neow_bonus":"ONE_RARE_RELIC","is_prod":false,"is_daily":false,"chose_seed":false,"campfire_upgraded":5,"win_rate":0,"timestamp":1714842846,"path_taken":["M","?","?","M","?","E","R","E","T","R","?","$","E","?","R","BOSS","M","M","?","M","M","R","?","E","T","M","M","E","?","?","R","BOSS","M","?","?","$","M","R","E","?","T","?","$","E","?","M","R","BOSS"],"build_version":"2022-12-18","purchased_purges":3,"victory":true,"max_hp_per_floor":[80,80,80,80,80,80,80,80,80,80,80,80,87,87,87,87,87,87,87,87,87,87,87,87,87,87,87,87,87,87,87,87,87,87,87,87,87,87,87,87,87,87,87,87,87,87,87,87,87,87],"card_choices":[{"not_picked":["Pommel Strike","Shockwave"],"picked":"Evolve","floor":1},{"not_picked":["Searing Blow","Intimidate"],"picked":"Wild Strike","floor":3},{"not_picked":["Perfected Strike","Rampage"],"picked":"Ghostly Armor","floor":4},{"not_picked":["Berserk","Thunderclap"],"picked":"Fire Breathing","floor":6},{"not_picked":["Cleave","Entrench"],"picked":"Warcry","floor":8},{"not_picked":["Metallicize","Second Wind","Offering"],"picked":"Fiend Fire","floor":13},{"not_picked":["Offering","Limit Break","Bludgeon"],"picked":"Demon Form","floor":16},{"not_picked":["Disarm+1","Iron Wave","Sword Boomerang"],"picked":"Flex","floor":18},{"not_picked":["Body Slam+1","Flex","Headbutt"],"picked":"Thunderclap","floor":19},{"not_picked":["Flex","Iron Wave","Twin Strike+1"],"picked":"Offering","floor":21},{"not_picked":["Flex","Dropkick","Wild Strike"],"picked":"Inflame","floor":22},{"not_picked":["Headbutt+1","Twin Strike","Heavy Blade"],"picked":"Flame Barrier","floor":25},{"not_picked":["Metallicize","Reckless Charge+1","Pommel Strike"],"picked":"Carnage","floor":27},{"not_picked":["Anger","Seeing Red","Fire Breathing"],"picked":"Burning Pact+1","floor":28},{"not_picked":["Flex+1","Disarm+1","Demon Form"],"picked":"Metallicize+1","floor":29},{"not_picked":["Offering","Fiend Fire","Demon Form"],"picked":"Barricade","floor":33},{"not_picked":["Pommel Strike","Carnage","Whirlwind"],"picked":"Flame Barrier+1","floor":35},{"not_picked":["Blind","Metamorphosis","Bandage Up"],"picked":"HandOfGreed","floor":37},{"not_picked":["Deep Breath","Good Instincts","Discovery"],"picked":"PanicButton","floor":37},{"not_picked":["Forethought","Secret Technique","Madness"],"picked":"Mayhem","floor":37},{"not_picked":["Clash+1","Perfected Strike","Warcry","Wild Strike"],"picked":"SKIP","floor":39},{"not_picked":["Pummel","Armaments","Clothesline+1"],"picked":"Body Slam+1","floor":41},{"not_picked":["Rampage","Headbutt","True Grit+1"],"picked":"Heavy Blade","floor":44},{"not_picked":["Dropkick+1","Sword Boomerang","Warcry+1"],"picked":"Bludgeon","floor":46},{"not_picked":["Iron Wave","Twin Strike","Wild Strike"],"picked":"Feel No Pain","floor":48}],"player_experience":175429,"relics_obtained":[{"floor":6,"key":"Juzu Bracelet"},{"floor":8,"key":"Matryoshka"},{"floor":9,"key":"Bag of Preparation"},{"floor":9,"key":"Question Card"},{"floor":13,"key":"Strawberry"},{"floor":24,"key":"Necronomicon"},{"floor":25,"key":"Mummified Hand"},{"floor":26,"key":"Pen Nib"},{"floor":26,"key":"HornCleat"},{"floor":29,"key":"Smiling Mask"},{"floor":41,"key":"Shuriken"},{"floor":43,"key":"Nunchaku"},{"floor":44,"key":"Bird Faced Urn"},{"floor":46,"key":"Paper Frog"}],"event_choices":[{"damage_healed":0,"gold_gain":0,"player_choice":"Trade","damage_taken":0,"relics_obtained":["SsserpentHead"],"max_hp_gain":0,"max_hp_loss":0,"event_name":"FaceTrader","floor":2,"gold_loss":0},{"damage_healed":0,"gold_gain":0,"player_choice":"Take Damage","damage_taken":20,"relics_obtained":["Golden Idol"],"max_hp_gain":0,"max_hp_loss":0,"event_name":"Golden Idol","floor":5,"gold_loss":0},{"cards_removed":["Injury"],"damage_healed":0,"gold_gain":0,"player_choice":"Forget","damage_taken":0,"max_hp_gain":0,"max_hp_loss":0,"event_name":"Living Wall","floor":11,"gold_loss":0},{"damage_healed":0,"gold_gain":0,"player_choice":"Opened","damage_taken":0,"relics_obtained":["Toy Ornithopter"],"max_hp_gain":0,"max_hp_loss":0,"event_name":"The Mausoleum","floor":20,"gold_loss":0,"cards_obtained":["Writhe"]},{"damage_healed":0,"gold_gain":0,"player_choice":"Obtained Book","damage_taken":16,"max_hp_gain":0,"max_hp_loss":0,"event_name":"Cursed Tome","floor":24,"gold_loss":0},{"damage_healed":0,"gold_gain":0,"player_choice":"Joined the Cult","damage_taken":6,"max_hp_gain":0,"max_hp_loss":0,"event_name":"Nest","floor":30,"gold_loss":0,"cards_obtained":["RitualDagger"]},{"damage_healed":0,"gold_gain":0,"player_choice":"Upgraded Two","damage_taken":0,"max_hp_gain":0,"max_hp_loss":0,"event_name":"Designer","floor":36,"gold_loss":40,"cards_upgraded":["Hemokinesis","Fiend Fire"]},{"damage_healed":0,"gold_gain":0,"player_choice":"Memory 3","damage_taken":10,"max_hp_gain":0,"max_hp_loss":0,"event_name":"SensoryStone","floor":37,"gold_loss":0},{"damage_healed":0,"gold_gain":0,"player_choice":"Embrace Madness","damage_taken":11,"max_hp_gain":0,"max_hp_loss":0,"event_name":"Winding Halls","floor":42,"gold_loss":0,"cards_obtained":["Madness","Madness"]},{"damage_healed":0,"gold_gain":0,"player_choice":"Fight","damage_taken":0,"max_hp_gain":0,"max_hp_loss":0,"event_name":"MindBloom","floor":44,"gold_loss":0}],"is_beta":false,"boss_relics":[{"not_picked":["Busted Crown","Astrolabe"],"picked":"Pandora\u0027s Box"},{"not_picked":["Empty Cage","Velvet Choker"],"picked":"Coffee Dripper"}],"items_purged_floors":[12,14,31],"is_endless":false,"potions_floor_spawned":[6,8,13,16,18,19,21,22,25,27,28,29,33,35,39,41,44,46,48],"ascension_level":1}