{"gold_per_floor":[119,119,69,87,87,87,112,37,62,76,86,96,131,144,144,244,244,259,259,174,201,217,217,244,244,244,257,257,285,297,8,8,107,107,122,135,135,135,189,222,242,269,269,285,285,285,285,308,308,308,308,308,60,88,88],"floor_reached":55,"playtime":3508,"items_purged":["Strike_R","Strike_R"],"score":969,"play_id":"70add04d-3c11-4164-bf62-356e2db2b050","local_time":"20240510124758","is_ascension_mode":true,"campfire_choices":[{"data":"Thinking Ahead","floor":6.0,"key":"SMITH"},{"floor":15.0,"key":"REST"},{"data":"Brutality","floor":23.0,"key":"SMITH"},{"floor":25.0,"key":"REST"},{"data":"Feel No Pain","floor":30.0,"key":"SMITH"},{"floor":32.0,"key":"REST"},{"floor":47,"key":"RECALL"},{"data":"Corruption","floor":49,"key":"SMITH"},{"data":"Offering","floor":52,"key":"SMITH"}],"neow_cost":"TEN_PERCENT_HP_LOSS","seed_source_timestamp":69183311038300,"circlet_count":0,"master_deck":["Strike_R","Defend_R","Defend_R","Bash","Thinking Ahead+1","Second Wind","Feel No Pain+1","Seeing Red","Pommel Strike","Anger","Whirlwind","Havoc","Shockwave","Brutality+1","Offering+1","Body Slam+1","Evolve+1","Dropkick+1","Dark Embrace+1","Havoc","True Grit+1","Havoc+1","Corruption+1","Warcry+1","Armaments+1","Purity","Transmutation","Shrug It Off","Entrench+1","Burning Pact"],"special_seed":0,"relics":["Burning Blood","Prayer Wheel","Red Skull","Tiny Chest","Strawberry","Astrolabe","Girya","InkBottle","PreservedInsect","Charon\u0027s Ashes","Mango","MawBank","White Beast Statue","Runic Dome","Shuriken","Champion Belt","Happy Flower","Toy Ornithopter","Orichalcum","Bag of Marbles","Akabeko"],"potions_floor_usage":[39,41,42,55,55],"damage_taken":[{"damage":0.0,"enemies":"Small Slimes","floor":1.0,"turns":3.0},{"damage":8.0,"enemies":"Jaw Worm","floor":4.0,"turns":4.0},{"damage":60.0,"enemies":"Lagavulin","floor":7.0,"turns":8.0},{"damage":0.0,"enemies":"2 Louse","floor":10.0,"turns":2.0},{"damage":10.0,"enemies":"Blue Slaver","floor":11.0,"turns":2.0},{"damage":0.0,"enemies":"2 Fungi Beasts","floor":12.0,"turns":2.0},{"damage":23.0,"enemies":"Gremlin Nob","floor":13.0,"turns":4.0},{"damage":9.0,"enemies":"Exordium Wildlife","floor":14.0,"turns":3.0},{"damage":43.0,"enemies":"Hexaghost","floor":16.0,"turns":9.0},{"damage":26.0,"enemies":"Shell Parasite","floor":18.0,"turns":3.0},{"damage":29.0,"enemies":"Spheric Guardian","floor":22.0,"turns":4.0},{"damage":35.0,"enemies":"Slavers","floor":24.0,"turns":2.0},{"damage":24.0,"enemies":"Snake Plant","floor":27.0,"turns":4.0},{"damage":3.0,"enemies":"Gremlin Leader","floor":29.0,"turns":4.0},{"damage":17.0,"enemies":"Champ","floor":33.0,"turns":5.0},{"damage":6.0,"enemies":"3 Darklings","floor":35.0,"turns":1.0},{"damage":23.0,"enemies":"Orb Walker","floor":36.0,"turns":2.0},{"damage":17,"enemies":"2 Orb Walkers","floor":39,"turns":3},{"damage":10,"enemies":"Giant Head","floor":40,"turns":3},{"damage":6,"enemies":"Spire Growth","floor":41,"turns":1},{"damage":18,"enemies":"Nemesis","floor":42,"turns":3},{"damage":7,"enemies":"Writhing Mass","floor":44,"turns":2},{"damage":20,"enemies":"Donu and Deca","floor":50,"turns":3},{"damage":7,"enemies":"Shield and Spear","floor":54,"turns":2},{"damage":81,"enemies":"The Heart","floor":55,"turns":3}],"seed_played":"5977197793204317828","potions_obtained":[{"floor":1.0,"key":"BloodPotion"},{"floor":10.0,"key":"ElixirPotion"},{"floor":14.0,"key":"Dexterity Potion"},{"floor":22.0,"key":"Ancient Potion"},{"floor":33.0,"key":"DistilledChaos"},{"floor":35.0,"key":"ColorlessPotion"},{"floor":36.0,"key":"GamblersBrew"},{"floor":39,"key":"SteroidPotion"},{"floor":41,"key":"SneckoOil"},{"floor":42,"key":"Strength Potion"},{"floor":44,"key":"FearPotion"}],"is_trial":false,"path_per_floor":["M","?","?","M","?","R","E","$","T","M","M","M","E","M","R","B",null,"M","?","?","T","M","R","E","R","T","M","?","E","R","$","R","B",null,"M","M","?","T","?","E","M","E","T","M","?","?","R","T","R","B",null,"R","$","E","B"],"character_chosen":"IRONCLAD","items_purchased":["White Beast Statue","PowerPotion","Bag of Marbles"],"campfire_rested":3,"item_purchase_floors":[31,31,53],"current_hp_per_floor":[72,72,72,70,70,70,16,16,16,22,32,38,28,25,48,11,79,59,59,59,59,36,36,7,30,44,26,26,29,29,29,56,45,93,93,76,66,66,55,51,51,39,39,38,81,77,77,77,77,63,77,77,77,76,0],"gold":88,"neow_bonus":"RANDOM_COLORLESS_2","is_prod":false,"is_daily":false,"chose_seed":false,"campfire_upgraded":5,"win_rate":0,"timestamp":1715316478,"path_taken":["M","?","?","M","?","R","E","$","T","M","M","?","E","M","R","BOSS","M","?","?","?","?","R","E","R","T","M","?","E","R","$","R","BOSS","M","M","?","?","?","E","M","E","T","M","?","?","R","?","R","BOSS","R","$","E","BOSS"],"build_version":"2022-12-18","purchased_purges":2,"victory":false,"max_hp_per_floor":[72,72,72,72,72,72,72,72,72,72,72,72,79,79,79,79,79,79,79,79,79,79,79,79,79,93,93,93,93,93,93,93,93,93,93,93,93,93,93,93,93,93,93,93,81,77,77,77,77,77,77,77,77,77,77],"card_choices":[{"not_picked":["Secret Weapon","Secret Technique"],"picked":"Thinking Ahead","floor":0.0},{"not_picked":["Cleave","Havoc"],"picked":"Second Wind","floor":1.0},{"not_picked":["Wild Strike","Clash"],"picked":"Feel No Pain","floor":4.0},{"not_picked":["Flame Barrier","Wild Strike"],"picked":"Seeing Red","floor":4.0},{"not_picked":["Blood for Blood","Juggernaut"],"picked":"Pommel Strike","floor":7.0},{"not_picked":["Spot Weakness","Clash"],"picked":"Anger","floor":10.0},{"not_picked":["Juggernaut","Body Slam","Seeing Red"],"picked":"SKIP","floor":10.0},{"not_picked":["Wild Strike","Warcry"],"picked":"Whirlwind","floor":11.0},{"not_picked":["Pummel","Wild Strike","Clash"],"picked":"SKIP","floor":11.0},{"not_picked":["Berserk","Anger"],"picked":"Havoc","floor":12.0},{"not_picked":["Rage","Pommel Strike","Perfected Strike"],"picked":"SKIP","floor":12.0},{"not_picked":["Intimidate","Thunderclap"],"picked":"Shockwave","floor":13.0},{"not_picked":["Sword Boomerang","Cleave"],"picked":"Brutality","floor":14.0},{"not_picked":["Wild Strike","Rupture","Cleave"],"picked":"SKIP","floor":14.0},{"not_picked":["Demon Form","Fiend Fire"],"picked":"Offering","floor":16.0},{"not_picked":["Perfected Strike","True Grit+1"],"picked":"Dark Embrace+1","floor":18.0},{"not_picked":["Intimidate+1","Uppercut","Twin Strike+1"],"picked":"SKIP","floor":18.0},{"not_picked":["Dropkick+1","Second Wind"],"picked":"Havoc","floor":22.0},{"not_picked":["Blood for Blood","Rampage","Body Slam"],"picked":"SKIP","floor":22.0},{"not_picked":["Clash","Armaments","Battle Trance"],"picked":"SKIP","floor":24.0},{"not_picked":["Anger","Whirlwind"],"picked":"True Grit+1","floor":27.0},{"not_picked":["Cleave","Perfected Strike","Havoc"],"picked":"SKIP","floor":27.0},{"not_picked":["Entrench","Carnage"],"picked":"Havoc+1","floor":29.0},{"not_picked":["Barricade","Brutality"],"picked":"Corruption","floor":33.0},{"not_picked":["Twin Strike","Headbutt"],"picked":"Warcry+1","floor":35.0},{"not_picked":["Perfected Strike","Iron Wave+1","Anger"],"picked":"SKIP","floor":35.0},{"not_picked":["Wild Strike+1","Evolve"],"picked":"Armaments+1","floor":36.0},{"not_picked":["Cleave","Perfected Strike","Havoc+1"],"picked":"SKIP","floor":36.0},{"not_picked":["Deep Breath","The Bomb"],"picked":"Purity","floor":37},{"not_picked":["Impatience","Secret Technique"],"picked":"Transmutation","floor":37},{"not_picked":["Power Through+1","Sword Boomerang+1","Clash"],"picked":"SKIP","floor":40},{"not_picked":["Intimidate","Power Through+1","Perfected Strike"],"picked":"SKIP","floor":41},{"not_picked":["True Grit+1","Heavy Blade","Headbutt+1"],"picked":"SKIP","floor":41},{"not_picked":["Metallicize+1","Armaments"],"picked":"Shrug It Off","floor":42},{"not_picked":["Clash+1","Hemokinesis+1"],"picked":"Entrench+1","floor":44},{"not_picked":["Thunderclap+1","Disarm+1","Power Through+1"],"picked":"SKIP","floor":44},{"not_picked":["Dropkick","Limit Break"],"picked":"Burning Pact","floor":54}],"player_experience":232539,"relics_obtained":[{"floor":7.0,"key":"Red Skull"},{"floor":9.0,"key":"Tiny Chest"},{"floor":13.0,"key":"Strawberry"},{"floor":21.0,"key":"PreservedInsect"},{"floor":24.0,"key":"Charon\u0027s Ashes"},{"floor":26.0,"key":"Mango"},{"floor":29.0,"key":"MawBank"},{"floor":38,"key":"Shuriken"},{"floor":39,"key":"Champion Belt"},{"floor":40,"key":"Happy Flower"},{"floor":42,"key":"Toy Ornithopter"},{"floor":48,"key":"Orichalcum"},{"floor":54,"key":"Akabeko"}],"event_choices":[{"damage_healed":0.0,"max_hp_gain":0.0,"max_hp_loss":0.0,"gold_gain":0.0,"event_name":"Big Fish","player_choice":"Box","floor":2.0,"gold_loss":0.0,"damage_taken":0.0,"relics_obtained":["Prayer Wheel"],"cards_obtained":["Regret"]},{"cards_removed":["Regret"],"damage_healed":0.0,"max_hp_gain":0.0,"max_hp_loss":0.0,"gold_gain":0.0,"event_name":"The Cleric","player_choice":"Card Removal","floor":3.0,"gold_loss":50.0,"damage_taken":0.0},{"cards_removed":["Defend_R"],"damage_healed":0.0,"max_hp_gain":0.0,"max_hp_loss":0.0,"gold_gain":0.0,"event_name":"Living Wall","player_choice":"Forget","floor":5.0,"gold_loss":0.0,"damage_taken":0.0},{"damage_healed":0.0,"max_hp_gain":0.0,"max_hp_loss":0.0,"gold_gain":0.0,"event_name":"The Mausoleum","player_choice":"Opened","floor":19.0,"gold_loss":0.0,"damage_taken":0.0,"relics_obtained":["Girya"]},{"damage_healed":0.0,"max_hp_gain":0.0,"max_hp_loss":0.0,"gold_gain":0.0,"event_name":"Addict","player_choice":"Obtained Relic","floor":20.0,"gold_loss":85.0,"damage_taken":0.0,"relics_obtained":["InkBottle"]},{"damage_healed":0.0,"max_hp_gain":0.0,"max_hp_loss":0.0,"gold_gain":0.0,"event_name":"Cursed Tome","player_choice":"Ignored","floor":28.0,"gold_loss":0.0,"damage_taken":0.0},{"damage_healed":0,"gold_gain":0,"player_choice":"Memory 3","damage_taken":10,"max_hp_gain":0,"max_hp_loss":0,"event_name":"SensoryStone","floor":37,"gold_loss":0},{"damage_healed":0,"gold_gain":0,"player_choice":"Fight","damage_taken":0,"max_hp_gain":0,"max_hp_loss":0,"event_name":"Mysterious Sphere","floor":39,"gold_loss":0},{"damage_healed":81,"gold_gain":0,"player_choice":"Heal","damage_taken":0,"max_hp_gain":0,"max_hp_loss":12,"event_name":"The Moai Head","floor":45,"gold_loss":0},{"damage_healed":0,"gold_gain":0,"player_choice":"Max HP","damage_taken":0,"max_hp_gain":0,"max_hp_loss":4,"event_name":"Winding Halls","floor":46,"gold_loss":0}],"is_beta":false,"boss_relics":[{"not_picked":["SlaversCollar","SacredBark"],"picked":"Astrolabe"},{"not_picked":["Pandora\u0027s Box","Black Blood"],"picked":"Runic Dome"}],"items_purged_floors":[8,53],"is_endless":false,"potions_floor_spawned":[1,10,14,22,33,35,36,39,40,41,42,44,54],"killed_by":"The Heart","ascension_level":3}