{"gold_per_floor":[416,434,384,384,88,88,117,17,40,40,40],"floor_reached":11,"playtime":522,"items_purged":["Strike_R","Defend_R"],"score":79,"play_id":"b1513e2b-a5cf-491b-8ab8-844e67e1518a","local_time":"20240508205815","is_ascension_mode":true,"campfire_choices":[{"floor":6,"key":"REST"},{"data":"Bash","floor":10,"key":"SMITH"}],"neow_cost":"TEN_PERCENT_HP_LOSS","seed_source_timestamp":211352932768000,"circlet_count":0,"master_deck":["Strike_R","Strike_R","Strike_R","Strike_R","Defend_R","Defend_R","Bash+1","Power Through","Pummel","Evolve","Impervious"],"relics":["Burning Blood","Old Coin","Mummified Hand","Chemical X","Art of War","Ancient Tea Set"],"potions_floor_usage":[],"damage_taken":[{"damage":11,"enemies":"Jaw Worm","floor":1,"turns":4},{"damage":1,"enemies":"2 Louse","floor":2,"turns":3},{"damage":30,"enemies":"3 Sentries","floor":7,"turns":12},{"damage":38,"enemies":"Gremlin Nob","floor":11,"turns":6}],"seed_played":"-742474503594779293","potions_obtained":[{"floor":7,"key":"GamblersBrew"}],"is_trial":false,"path_per_floor":["M","M","?","?","$","R","E","$","T","R","E"],"character_chosen":"IRONCLAD","items_purchased":["Evolve","Chemical X"],"campfire_rested":1,"item_purchase_floors":[5,5],"current_hp_per_floor":[67,72,72,30,30,51,27,27,27,27,0],"gold":40,"neow_bonus":"ONE_RARE_RELIC","is_prod":false,"is_daily":false,"chose_seed":false,"campfire_upgraded":1,"win_rate":0,"timestamp":1715173095,"path_taken":["M","M","?","?","$","R","E","?","T","R","E"],"build_version":"2022-12-18","purchased_purges":2,"victory":false,"max_hp_per_floor":[72,72,72,72,72,72,72,72,72,72,72],"card_choices":[{"not_picked":["Clash","Searing Blow"],"picked":"Power Through","floor":1},{"not_picked":["Burning Pact","Perfected Strike"],"picked":"Pummel","floor":2},{"not_picked":["Rupture","Body Slam"],"picked":"Impervious","floor":7}],"player_experience":213820,"relics_obtained":[{"floor":7,"key":"Art of War"},{"floor":9,"key":"Ancient Tea Set"}],"event_choices":[{"cards_removed":["Defend_R"],"damage_healed":0,"gold_gain":0,"player_choice":"Card Removal","damage_taken":0,"max_hp_gain":0,"max_hp_loss":0,"event_name":"The Cleric","floor":3,"gold_loss":50},{"damage_healed":0,"gold_gain":0,"player_choice":"Success","damage_taken":42,"relics_obtained":["Mummified Hand"],"max_hp_gain":0,"max_hp_loss":0,"event_name":"Scrap Ooze","floor":4,"gold_loss":0}],"is_beta":false,"boss_relics":[],"items_purged_floors":[5,8],"is_endless":false,"potions_floor_spawned":[7],"killed_by":"Gremlin Nob","ascension_level":3}