{"gold_per_floor":[119,119,119,119,142,183,27,27,27,27,73,92,111,130,130,259,259,279,279,299,14,39,74,74,74,74,110,129,129,129,150,150,273,273,298,298,319,122,137,137,158,158,185,185,208,34,48,48,48,48],"floor_reached":50,"playtime":6569,"items_purged":["Regret","Defend_G","Strike_G","Strike_G"],"score":507,"play_id":"1fe96355-4eda-424b-aab4-cad3fd4fa61e","local_time":"20240429013756","is_ascension_mode":false,"campfire_choices":[{"data":"Glass Knife","floor":8,"key":"SMITH"},{"data":"Doppelganger","floor":10,"key":"SMITH"},{"floor":15,"key":"REST"},{"data":"Venomology","floor":25,"key":"SMITH"},{"data":"Secret Technique","floor":29,"key":"SMITH"},{"data":"Neutralize","floor":32,"key":"SMITH"},{"data":"Madness","floor":42,"key":"SMITH"},{"data":"Madness","floor":44,"key":"SMITH"},{"data":"Prepared","floor":49,"key":"SMITH"}],"neow_cost":"NONE","seed_source_timestamp":15481788658900,"circlet_count":0,"master_deck":["Strike_G","Strike_G","Defend_G","Defend_G","Defend_G","Survivor","Neutralize+1","Slice","Blur","Doppelganger+1","Glass Knife+1","Quick Slash","Sucker Punch","Infinite Blades","Venomology+1","Prepared+1","All Out Attack","Secret Technique+1","Acrobatics","Dagger Spray","Dagger Throw+1","Dagger Throw+1","Calculated Gamble+1","Die Die Die","Sucker Punch","Purity","Prepared+1","Well Laid Plans+1","Burst","Madness+1","Madness+1","Dagger Throw+1","Backstab","Prepared","Slice+1"],"relics":["Ring of the Snake","Matryoshka","Golden Idol","Pen Nib","Ninja Scroll","Paper Crane","Unceasing Top","Bronze Scales","Lantern","Philosopher\u0027s Stone","WingedGreaves","Torii","MealTicket","Frozen Egg 2","MutagenicStrength","Empty Cage","Bag of Marbles"],"potions_floor_usage":[6,14,20,22,23,23,27,28,31,31,31,31,33,33,33,41,47,47,50,50,50],"damage_taken":[{"damage":6,"enemies":"Cultist","floor":1,"turns":5},{"damage":4,"enemies":"Small Slimes","floor":5,"turns":4},{"damage":44,"enemies":"3 Sentries","floor":6,"turns":13},{"damage":0,"enemies":"Jaw Worm","floor":12,"turns":1},{"damage":14,"enemies":"Exordium Thugs","floor":13,"turns":2},{"damage":0,"enemies":"Lots of Slimes","floor":14,"turns":1},{"damage":12,"enemies":"Hexaghost","floor":16,"turns":8},{"damage":7,"enemies":"2 Thieves","floor":18,"turns":3},{"damage":0,"enemies":"3 Byrds","floor":20,"turns":4},{"damage":7,"enemies":"Snake Plant","floor":22,"turns":3},{"damage":11,"enemies":"Slavers","floor":23,"turns":4},{"damage":9,"enemies":"Book of Stabbing","floor":27,"turns":3},{"damage":1,"enemies":"Sentry and Sphere","floor":28,"turns":3},{"damage":1,"enemies":"Centurion and Healer","floor":31,"turns":2},{"damage":24,"enemies":"Champ","floor":33,"turns":8},{"damage":0,"enemies":"3 Darklings","floor":35,"turns":1},{"damage":12,"enemies":"3 Shapes","floor":37,"turns":1},{"damage":22,"enemies":"Transient","floor":39,"turns":5},{"damage":12,"enemies":"4 Shapes","floor":41,"turns":1},{"damage":15,"enemies":"Spire Growth","floor":45,"turns":3},{"damage":0,"enemies":"Sphere and 2 Shapes","floor":47,"turns":1},{"damage":64,"enemies":"Awakened One","floor":50,"turns":9}],"seed_played":"7655577409430368826","potions_obtained":[{"floor":5,"key":"EssenceOfSteel"},{"floor":13,"key":"BlessingOfTheForge"},{"floor":16,"key":"BlessingOfTheForge"},{"floor":18,"key":"SkillPotion"},{"floor":22,"key":"Energy Potion"},{"floor":23,"key":"Swift Potion"},{"floor":31,"key":"SpeedPotion"},{"floor":37,"key":"LiquidBronze"},{"floor":47,"key":"DistilledChaos"}],"is_trial":false,"path_per_floor":["M","?","?","?","M","E","$","R","T","R","T","M","M","M","R","B",null,"M","?","M","$","M","E","$","R","T","E","M","R","?","M","R","B",null,"M","?","M","$","M","?","M","R","T","R","M","$","M","?","R","B"],"character_chosen":"THE_SILENT","items_purchased":["Glass Knife","Secret Technique","Well Laid Plans+1","Prepared"],"campfire_rested":1,"item_purchase_floors":[7,21,38,46],"current_hp_per_floor":[71,71,71,64,60,16,16,16,16,16,16,16,2,2,23,11,71,64,64,64,64,64,63,63,63,63,54,53,53,53,52,52,28,71,71,71,59,71,49,40,28,28,28,28,13,28,28,62,62,0],"gold":48,"neow_bonus":"TEN_PERCENT_HP_BONUS","is_prod":false,"is_daily":false,"chose_seed":false,"campfire_upgraded":8,"win_rate":0.0,"timestamp":1714325876,"path_taken":["M","?","?","?","?","E","$","R","T","R","?","M","M","M","R","BOSS","M","?","M","$","?","E","?","R","T","E","M","R","?","M","R","BOSS","M","?","M","$","M","?","M","R","T","R","M","$","M","?","R","BOSS"],"build_version":"2022-12-18","purchased_purges":4,"victory":false,"max_hp_per_floor":[77,77,71,71,71,71,71,71,71,71,71,71,71,71,71,71,71,71,71,71,71,71,71,71,71,71,71,71,71,71,71,71,71,71,71,71,71,71,71,71,71,71,71,71,71,71,71,62,62,62],"card_choices":[{"not_picked":["Outmaneuver","Deadly Poison"],"picked":"Slice","floor":1},{"not_picked":["Dodge and Roll","Outmaneuver"],"picked":"Blur","floor":5},{"not_picked":["Deflect","Deadly Poison"],"picked":"Doppelganger","floor":6},{"not_picked":["Backstab","Flechettes"],"picked":"Quick Slash","floor":12},{"not_picked":["Flying Knee","Deadly Poison"],"picked":"Sucker Punch","floor":13},{"not_picked":["Reflex","Predator"],"picked":"Infinite Blades","floor":14},{"not_picked":["Burst","Night Terror"],"picked":"Venomology","floor":16},{"not_picked":["Deadly Poison","Deflect"],"picked":"Prepared","floor":18},{"not_picked":["Blur+1","Flying Knee"],"picked":"All Out Attack","floor":20},{"not_picked":["Outmaneuver+1","Flying Knee"],"picked":"Acrobatics","floor":22},{"not_picked":["Poisoned Stab","Dodge and Roll+1"],"picked":"Dagger Spray","floor":23},{"not_picked":["Blur","Terror"],"picked":"Dagger Throw+1","floor":27},{"not_picked":["Crippling Poison","Flechettes+1"],"picked":"Dagger Throw+1","floor":28},{"not_picked":["Slice","Skewer"],"picked":"Calculated Gamble+1","floor":31},{"not_picked":["Unload","A Thousand Cuts+1"],"picked":"Die Die Die","floor":33},{"not_picked":["Poisoned Stab+1","Flying Knee"],"picked":"Sucker Punch","floor":35},{"not_picked":["Madness","Dark Shackles"],"picked":"Purity","floor":36},{"not_picked":["Quick Slash+1","Backflip"],"picked":"Prepared+1","floor":37},{"not_picked":["Prepared","Slice+1"],"picked":"Burst","floor":39},{"not_picked":["Bouncing Flask+1","Dash+1"],"picked":"Dagger Throw+1","floor":41},{"not_picked":["Noxious Fumes+1","Poisoned Stab+1"],"picked":"Backstab","floor":45},{"not_picked":["Prepared","Outmaneuver"],"picked":"Slice+1","floor":47}],"player_experience":1478,"relics_obtained":[{"floor":6,"key":"Ninja Scroll"},{"floor":9,"key":"Paper Crane"},{"floor":9,"key":"Unceasing Top"},{"floor":11,"key":"Bronze Scales"},{"floor":11,"key":"Lantern"},{"floor":23,"key":"Torii"},{"floor":26,"key":"MealTicket"},{"floor":27,"key":"Frozen Egg 2"},{"floor":43,"key":"Bag of Marbles"}],"event_choices":[{"damage_healed":0,"gold_gain":0,"player_choice":"Box","damage_taken":0,"relics_obtained":["Matryoshka"],"max_hp_gain":0,"max_hp_loss":0,"event_name":"Big Fish","floor":2,"gold_loss":0,"cards_obtained":["Regret"]},{"damage_healed":0,"gold_gain":0,"player_choice":"Lose Max HP","damage_taken":0,"relics_obtained":["Golden Idol"],"max_hp_gain":0,"max_hp_loss":6,"event_name":"Golden Idol","floor":3,"gold_loss":0},{"damage_healed":0,"gold_gain":0,"player_choice":"Success","damage_taken":7,"relics_obtained":["Pen Nib"],"max_hp_gain":0,"max_hp_loss":0,"event_name":"Scrap Ooze","floor":4,"gold_loss":0},{"damage_healed":0,"gold_gain":0,"player_choice":"Gave Potion","damage_taken":0,"relics_obtained":["WingedGreaves"],"max_hp_gain":0,"max_hp_loss":0,"event_name":"WeMeetAgain","floor":19,"gold_loss":0},{"damage_healed":0,"gold_gain":0,"player_choice":"Inject Mutagens","damage_taken":0,"relics_obtained":["MutagenicStrength"],"max_hp_gain":0,"max_hp_loss":0,"event_name":"Drug Dealer","floor":30,"gold_loss":0},{"damage_healed":0,"gold_gain":0,"player_choice":"Memory 1","damage_taken":0,"max_hp_gain":0,"max_hp_loss":0,"event_name":"SensoryStone","floor":36,"gold_loss":0},{"damage_healed":0,"gold_gain":0,"player_choice":"Embrace Madness","damage_taken":9,"max_hp_gain":0,"max_hp_loss":0,"event_name":"Winding Halls","floor":40,"gold_loss":0,"cards_obtained":["Madness","Madness"]},{"damage_healed":62,"gold_gain":0,"player_choice":"Heal","damage_taken":0,"max_hp_gain":0,"max_hp_loss":9,"event_name":"The Moai Head","floor":48,"gold_loss":0}],"is_beta":false,"boss_relics":[{"not_picked":["Fusion Hammer","Calling Bell"],"picked":"Philosopher\u0027s Stone"},{"not_picked":["SlaversCollar","Sozu"],"picked":"Empty Cage"}],"items_purged_floors":[7,21,38,46],"is_endless":false,"potions_floor_spawned":[5,13,16,18,22,23,31,37,47],"killed_by":"Awakened One","ascension_level":0}