{"gold_per_floor":[14,14,34,34,34,34,51,51,131,131,148,148,148,178,178,275,275,295,295,315,86,86,111,123,164,201,213,234,277,289,329,341,461,473,504,516,582,349,366,366,396,455,480,489,523,67,80,107,116,116],"floor_reached":51,"playtime":3391,"items_purged":["Strike_G","Defend_G","Defend_G"],"score":935,"play_id":"e5fa0c99-fc1b-4d33-82b9-e7c11eaeb139","local_time":"20240509212017","is_ascension_mode":true,"campfire_choices":[{"data":"Apotheosis","floor":6.0,"key":"SMITH"},{"data":"Tactician","floor":8.0,"key":"SMITH"},{"floor":10.0,"key":"RECALL"},{"floor":12.0,"key":"REST"},{"data":"Well Laid Plans","floor":15.0,"key":"SMITH"},{"data":"Calculated Gamble","floor":24.0,"key":"SMITH"},{"floor":27.0,"key":"REST"},{"floor":32.0,"key":"REST"},{"data":"Night Terror","floor":40,"key":"SMITH"},{"floor":49,"key":"REST"}],"neow_cost":"NO_GOLD","seed_source_timestamp":16328617535500,"circlet_count":0,"master_deck":["Strike_G","Survivor","Neutralize","Apotheosis+1","Grand Finale","Tactician+1","Well Laid Plans+1","Ghostly","Ghostly","Ghostly","Ghostly","Ghostly","Calculated Gamble+1","Prepared+1","Night Terror+1","Prepared","Underhanded Strike","Caltrops","Caltrops"],"special_seed":0,"relics":["Ring of the Serpent","Shuriken","Sundial","Sling","MawBank","CeramicFish","Orichalcum","White Beast Statue","Dream Catcher","Empty Cage","Prayer Wheel","Bronze Scales","Ancient Tea Set","Thread and Needle","Juzu Bracelet","The Courier","Bag of Preparation","Strawberry","ClockworkSouvenir"],"potions_floor_usage":[41,41,50],"damage_taken":[{"damage":0.0,"enemies":"2 Louse","floor":1.0,"turns":4.0},{"damage":0.0,"enemies":"Cultist","floor":3.0,"turns":4.0},{"damage":1.0,"enemies":"Jaw Worm","floor":7.0,"turns":4.0},{"damage":25.0,"enemies":"Gremlin Gang","floor":11.0,"turns":5.0},{"damage":13.0,"enemies":"Gremlin Nob","floor":14.0,"turns":5.0},{"damage":23.0,"enemies":"Hexaghost","floor":16.0,"turns":12.0},{"damage":7.0,"enemies":"Spheric Guardian","floor":18.0,"turns":6.0},{"damage":6.0,"enemies":"3 Byrds","floor":20.0,"turns":3.0},{"damage":3.0,"enemies":"Slavers","floor":23.0,"turns":3.0},{"damage":3.0,"enemies":"Book of Stabbing","floor":25.0,"turns":10.0},{"damage":22.0,"enemies":"Slavers","floor":29.0,"turns":13.0},{"damage":22.0,"enemies":"Centurion and Healer","floor":31.0,"turns":9.0},{"damage":6.0,"enemies":"Champ","floor":33.0,"turns":9.0},{"damage":2.0,"enemies":"3 Shapes","floor":35.0,"turns":3.0},{"damage":0.0,"enemies":"2 Orb Walkers","floor":37.0,"turns":7.0},{"damage":0,"enemies":"3 Darklings","floor":39,"turns":4},{"damage":75,"enemies":"Nemesis","floor":41,"turns":15},{"damage":0,"enemies":"Mind Bloom Boss Battle","floor":42,"turns":4},{"damage":0,"enemies":"Reptomancer","floor":45,"turns":5},{"damage":0,"enemies":"Maw","floor":47,"turns":7},{"damage":0,"enemies":"4 Shapes","floor":48,"turns":5},{"damage":0,"enemies":"Awakened One","floor":50,"turns":8}],"seed_played":"8685917384733416165","potions_obtained":[{"floor":3.0,"key":"GhostInAJar"},{"floor":11.0,"key":"Regen Potion"},{"floor":16.0,"key":"GamblersBrew"},{"floor":29.0,"key":"FairyPotion"},{"floor":31.0,"key":"Energy Potion"},{"floor":33.0,"key":"Swift Potion"},{"floor":37.0,"key":"Regen Potion"},{"floor":39,"key":"ColorlessPotion"},{"floor":41,"key":"Dexterity Potion"},{"floor":42,"key":"Weak Potion"},{"floor":45,"key":"Swift Potion"}],"is_trial":false,"path_per_floor":["M","?","M","$","?","R","M","R","T","R","M","R","?","E","R","B",null,"M","?","M","$","?","E","R","E","T","R","?","E","?","M","R","B",null,"M","?","?","$","M","R","E","?","T","?","E","$","M","M","R","B",null],"character_chosen":"THE_SILENT","items_purchased":["Sling","Bronze Scales","Bag of Preparation","Strawberry","ClockworkSouvenir"],"campfire_rested":4,"item_purchase_floors":[21,38,46,46,46],"current_hp_per_floor":[70,70,70,70,70,70,69,69,69,69,44,65,65,52,52,29,70,63,35,29,29,29,26,26,23,23,33,33,23,23,1,11,5,35,33,33,33,33,33,33,9,9,9,9,9,16,16,16,28,28],"gold":116,"neow_bonus":"RANDOM_COLORLESS_2","is_prod":false,"is_daily":false,"chose_seed":false,"campfire_upgraded":5,"win_rate":0,"timestamp":1715260817,"path_taken":["M","?","M","?","?","R","M","R","T","R","?","R","?","E","R","BOSS","M","?","M","$","?","E","R","E","T","R","?","E","?","M","R","BOSS","M","?","?","$","M","R","E","?","T","?","E","$","M","M","R","BOSS"],"build_version":"2022-12-18","purchased_purges":3,"victory":true,"max_hp_per_floor":[70,70,70,70,70,70,70,70,70,70,70,70,70,70,70,70,70,70,35,35,35,35,35,35,35,35,35,35,35,35,35,35,35,35,35,33,33,33,33,33,33,33,33,33,33,40,40,40,40,40],"card_choices":[{"not_picked":["Thinking Ahead","Magnetism"],"picked":"Apotheosis","floor":0.0},{"not_picked":["Infinite Blades","Masterful Stab","PiercingWail"],"picked":"SKIP","floor":1.0},{"not_picked":["Skewer","Dagger Throw","Dodge and Roll"],"picked":"SKIP","floor":3.0},{"not_picked":["Choke","Cloak And Dagger"],"picked":"Tactician","floor":7.0},{"not_picked":["Accuracy","Bouncing Flask","Cloak And Dagger"],"picked":"SKIP","floor":11.0},{"not_picked":["Choke","Masterful Stab"],"picked":"Well Laid Plans","floor":14.0},{"not_picked":["Terror","Finisher","Flying Knee"],"picked":"SKIP","floor":18.0},{"not_picked":["Dagger Spray","Heel Hook"],"picked":"Calculated Gamble","floor":20.0},{"not_picked":["Slice","Poisoned Stab","Masterful Stab+1"],"picked":"SKIP","floor":23.0},{"not_picked":["Backflip","Expertise","Cloak And Dagger"],"picked":"SKIP","floor":25.0},{"not_picked":["Slice","Poisoned Stab+1","After Image"],"picked":"SKIP","floor":29.0},{"not_picked":["Dagger Spray","Underhanded Strike"],"picked":"Prepared+1","floor":31.0},{"not_picked":["Burst","Adrenaline"],"picked":"Night Terror","floor":33.0},{"not_picked":["Sucker Punch","Footwork+1","PiercingWail+1"],"picked":"SKIP","floor":35.0},{"not_picked":["Bouncing Flask","Poisoned Stab+1","Cloak And Dagger"],"picked":"SKIP","floor":39},{"not_picked":["Tactician","Backflip","Cloak And Dagger"],"picked":"SKIP","floor":39},{"not_picked":["Blade Dance","Wraith Form v2","Dodge and Roll+1"],"picked":"SKIP","floor":41},{"not_picked":["Cloak And Dagger+1","Outmaneuver"],"picked":"Prepared","floor":42},{"not_picked":["Poisoned Stab","Acrobatics+1","Well Laid Plans+1"],"picked":"SKIP","floor":45},{"not_picked":["Quick Slash+1","Glass Knife","Slice+1"],"picked":"SKIP","floor":47},{"not_picked":["Outmaneuver","Riddle With Holes+1","Acrobatics+1"],"picked":"SKIP","floor":47},{"not_picked":["Infinite Blades+1","Slice+1"],"picked":"Caltrops","floor":48},{"not_picked":["Deflect","Dodge and Roll+1","Blade Dance+1"],"picked":"SKIP","floor":48},{"not_picked":["Noxious Fumes+1","Quick Slash+1"],"picked":"Caltrops","floor":49}],"player_experience":229148,"relics_obtained":[{"floor":9.0,"key":"Shuriken"},{"floor":14.0,"key":"Sundial"},{"floor":23.0,"key":"MawBank"},{"floor":25.0,"key":"CeramicFish"},{"floor":26.0,"key":"Orichalcum"},{"floor":29.0,"key":"Dream Catcher"},{"floor":37.0,"key":"Prayer Wheel"},{"floor":41,"key":"Ancient Tea Set"},{"floor":42,"key":"Thread and Needle"},{"floor":43,"key":"Juzu Bracelet"},{"floor":45,"key":"The Courier"}],"event_choices":[{"cards_removed":["Defend_G"],"damage_healed":0.0,"max_hp_gain":0.0,"max_hp_loss":0.0,"gold_gain":0.0,"event_name":"Bonfire Elementals","player_choice":"Offered Basic","floor":2.0,"gold_loss":0.0,"damage_taken":0.0},{"damage_healed":0.0,"max_hp_gain":0.0,"max_hp_loss":0.0,"gold_gain":0.0,"cards_transformed":["Strike_G"],"event_name":"Transmorgrifier","player_choice":"Transformed","floor":5.0,"gold_loss":0.0,"damage_taken":0.0,"cards_obtained":["Grand Finale"]},{"cards_removed":["Defend_G"],"damage_healed":0.0,"max_hp_gain":0.0,"max_hp_loss":0.0,"gold_gain":0.0,"event_name":"Living Wall","player_choice":"Forget","floor":13.0,"gold_loss":0.0,"damage_taken":0.0},{"damage_healed":0.0,"max_hp_gain":0.0,"max_hp_loss":35.0,"gold_gain":0.0,"event_name":"Ghosts","player_choice":"Became a Ghost","floor":19.0,"gold_loss":0.0,"damage_taken":0.0,"cards_obtained":["Ghostly","Ghostly","Ghostly","Ghostly","Ghostly"]},{"damage_healed":0.0,"max_hp_gain":0.0,"max_hp_loss":0.0,"gold_gain":0.0,"event_name":"Vampires","player_choice":"Ignored","floor":22.0,"gold_loss":0.0,"damage_taken":0.0},{"damage_healed":0.0,"max_hp_gain":0.0,"max_hp_loss":0.0,"gold_gain":0.0,"event_name":"The Mausoleum","player_choice":"Opened","floor":28.0,"gold_loss":0.0,"damage_taken":0.0,"relics_obtained":["White Beast Statue"],"cards_obtained":["Writhe"]},{"cards_removed":["Writhe"],"damage_healed":0.0,"max_hp_gain":0.0,"max_hp_loss":0.0,"gold_gain":0.0,"event_name":"Back to Basics","player_choice":"Elegance","floor":30.0,"gold_loss":0.0,"damage_taken":0.0},{"damage_healed":0.0,"max_hp_gain":0.0,"max_hp_loss":2.0,"gold_gain":0.0,"event_name":"Winding Halls","player_choice":"Max HP","floor":36.0,"gold_loss":0.0,"damage_taken":0.0},{"damage_healed":0.0,"max_hp_gain":0.0,"max_hp_loss":0.0,"gold_gain":0.0,"event_name":"Mysterious Sphere","player_choice":"Fight","floor":37.0,"gold_loss":0.0,"damage_taken":0.0},{"damage_healed":0,"gold_gain":0,"player_choice":"Fight","damage_taken":0,"max_hp_gain":0,"max_hp_loss":0,"event_name":"MindBloom","floor":42,"gold_loss":0},{"damage_healed":0,"gold_gain":0,"cards_transformed":["Strike_G"],"player_choice":"Transformed","damage_taken":0,"max_hp_gain":0,"max_hp_loss":0,"event_name":"Transmorgrifier","floor":44,"gold_loss":0,"cards_obtained":["Underhanded Strike"]}],"is_beta":false,"boss_relics":[{"not_picked":["Astrolabe","Calling Bell"],"picked":"Ring of the Serpent"},{"not_picked":["SlaversCollar","Tiny House"],"picked":"Empty Cage"}],"items_purged_floors":[21,38,46],"is_endless":false,"potions_floor_spawned":[3,11,16,29,31,33,35,37,39,41,42,45,47,48],"ascension_level":2}