{"gold_per_floor":[133,83,122,122,13,13,72,116,116,155,155,201,201,301,301,403,403,416,483,503,94,109,109],"floor_reached":23,"playtime":3672,"items_purged":["Strike_B","Defend_B"],"score":201,"play_id":"b7e85bd3-ba64-4f5d-b2a4-71015ed1877b","local_time":"20240502223925","is_ascension_mode":true,"campfire_choices":[{"data":"HandOfGreed","floor":6,"key":"SMITH"},{"floor":11,"key":"REST"},{"data":"Machine Learning","floor":13,"key":"SMITH"},{"floor":15,"key":"REST"}],"neow_cost":"PERCENT_DAMAGE","seed_source_timestamp":25116477414600,"circlet_count":0,"master_deck":["Strike_B","Strike_B","Defend_B","Defend_B","Zap","Dualcast","HandOfGreed+1","Redo","Fusion","Genetic Algorithm","Tempest","Chill","Doom and Gloom","Machine Learning+1","Electrodynamics","Defragment+1","Biased Cognition","Enlightenment","Reboot","Reinforced Body"],"relics":["Cracked Core","Question Card","Bottled Lightning","Odd Mushroom","Black Star","Membership Card"],"potions_floor_usage":[7,12,16,18,22,23],"damage_taken":[{"damage":2,"enemies":"2 Louse","floor":1,"turns":2},{"damage":0,"enemies":"Small Slimes","floor":3,"turns":2},{"damage":40,"enemies":"3 Sentries","floor":7,"turns":7},{"damage":3,"enemies":"Cultist","floor":8,"turns":3},{"damage":0,"enemies":"Looter","floor":10,"turns":2},{"damage":4,"enemies":"The Mushroom Lair","floor":12,"turns":3},{"damage":47,"enemies":"Hexaghost","floor":16,"turns":8},{"damage":5,"enemies":"Chosen","floor":18,"turns":5},{"damage":15,"enemies":"2 Thieves","floor":19,"turns":5},{"damage":38,"enemies":"Snake Plant","floor":20,"turns":5},{"damage":1,"enemies":"3 Cultists","floor":22,"turns":3},{"damage":19,"enemies":"Book of Stabbing","floor":23,"turns":4}],"seed_played":"-3318918202163929013","potions_obtained":[{"floor":3,"key":"SneckoOil"},{"floor":7,"key":"Block Potion"},{"floor":10,"key":"AttackPotion"},{"floor":16,"key":"FocusPotion"},{"floor":19,"key":"Strength Potion"},{"floor":22,"key":"Swift Potion"}],"is_trial":false,"path_per_floor":["M","?","M","?","$","R","E","M","T","M","R","?","R","?","R","B",null,"M","M","M","$","M","E"],"character_chosen":"DEFECT","items_purchased":["Genetic Algorithm","Membership Card","Block Potion","Enlightenment","Reboot"],"campfire_rested":2,"item_purchase_floors":[5,21,21,21,21],"current_hp_per_floor":[52,52,52,52,52,52,12,9,9,9,31,27,27,27,49,2,75,70,55,17,17,16,0],"gold":109,"neow_bonus":"RANDOM_COLORLESS_2","is_prod":false,"is_daily":false,"chose_seed":false,"campfire_upgraded":2,"win_rate":0,"timestamp":1714660765,"path_taken":["M","?","M","?","$","R","E","M","T","?","R","?","R","?","R","BOSS","M","?","?","$","?","E"],"build_version":"2022-12-18","purchased_purges":2,"victory":false,"max_hp_per_floor":[75,75,75,75,75,75,75,75,75,75,75,75,75,75,75,75,75,75,75,75,75,75,75],"card_choices":[{"not_picked":["Violence","Chrysalis"],"picked":"HandOfGreed","floor":0},{"not_picked":["Steam","Beam Cell","Streamline"],"picked":"SKIP","floor":1},{"not_picked":["Ball Lightning","Leap"],"picked":"Redo","floor":3},{"not_picked":["Go for the Eyes","Sweeping Beam"],"picked":"Tempest","floor":7},{"not_picked":["Stack","Force Field","Conserve Battery"],"picked":"Chill","floor":8},{"not_picked":["Skim","Compile Driver","Ball Lightning"],"picked":"Doom and Gloom","floor":10},{"not_picked":["Rebound","BootSequence","Fusion"],"picked":"Machine Learning","floor":12},{"not_picked":["Reboot","Seek","Buffer"],"picked":"Electrodynamics","floor":16},{"not_picked":["Redo","Sweeping Beam","Lockon","Genetic Algorithm"],"picked":"SKIP","floor":18},{"not_picked":["Ball Lightning","Redo","Chaos+1"],"picked":"Defragment+1","floor":19},{"not_picked":["Coolheaded","Redo","Barrage+1"],"picked":"Biased Cognition","floor":20},{"not_picked":["Heatsinks+1","Capacitor","Gash+1"],"picked":"Reinforced Body","floor":22}],"player_experience":112172,"relics_obtained":[{"floor":7,"key":"Question Card"},{"floor":9,"key":"Bottled Lightning"},{"floor":12,"key":"Odd Mushroom"}],"event_choices":[{"cards_removed":["Defend_B"],"damage_healed":0,"gold_gain":0,"player_choice":"Card Removal","damage_taken":0,"max_hp_gain":0,"max_hp_loss":0,"event_name":"The Cleric","floor":2,"gold_loss":50},{"damage_healed":0,"gold_gain":0,"cards_transformed":["Strike_B"],"player_choice":"Transformed","damage_taken":0,"max_hp_gain":0,"max_hp_loss":0,"event_name":"Transmorgrifier","floor":4,"gold_loss":0,"cards_obtained":["Fusion"]},{"damage_healed":0,"gold_gain":0,"player_choice":"Fought Mushrooms","damage_taken":0,"max_hp_gain":0,"max_hp_loss":0,"event_name":"Mushrooms","floor":12,"gold_loss":0},{"damage_healed":0,"gold_gain":100,"player_choice":"Gold","damage_taken":0,"max_hp_gain":0,"max_hp_loss":0,"event_name":"Wheel of Change","floor":14,"gold_loss":0}],"is_beta":false,"boss_relics":[{"not_picked":["Astrolabe","Cursed Key"],"picked":"Black Star"}],"items_purged_floors":[5,21],"is_endless":false,"potions_floor_spawned":[3,7,10,16,19,22],"killed_by":"Book of Stabbing","ascension_level":1}