{"gold_per_floor":[117,117,129,79,4,4,4,18,18,18,118,118,135,148,148,248,248,264,274,285,285,303,330,330,330,330,330,330],"floor_reached":28,"playtime":1831,"items_purged":["Strike_P"],"score":251,"play_id":"8839ff94-5022-43ec-b489-f97d8b31d31d","local_time":"20240505100037","is_ascension_mode":true,"campfire_choices":[{"data":"Crescendo","floor":6,"key":"SMITH"},{"data":"Worship","floor":10,"key":"SMITH"},{"data":"Vigilance","floor":12,"key":"SMITH"},{"data":"Prostrate","floor":15,"key":"SMITH"},{"data":"Establishment","floor":24,"key":"SMITH"}],"neow_cost":"TEN_PERCENT_HP_LOSS","seed_source_timestamp":106126727285600,"circlet_count":0,"master_deck":["Strike_P","Defend_P","Eruption+1","Vigilance+1","Worship+1","Crescendo+1","Prostrate+1","Establishment+1","CarveReality+1","FlurryOfBlows","Wallop+1","Adaptation","Consecrate"],"relics":["PureWater","StoneCalendar","Empty Cage","Frozen Egg 2","Mango","Bag of Marbles"],"potions_floor_usage":[13,16,16,22,22,23],"damage_taken":[{"damage":0,"enemies":"Small Slimes","floor":1,"turns":3},{"damage":0,"enemies":"Cultist","floor":3,"turns":3},{"damage":10,"enemies":"Jaw Worm","floor":8,"turns":4},{"damage":11,"enemies":"Exordium Thugs","floor":13,"turns":3},{"damage":16,"enemies":"Large Slime","floor":14,"turns":5},{"damage":10,"enemies":"The Guardian","floor":16,"turns":7},{"damage":26,"enemies":"3 Byrds","floor":18,"turns":7},{"damage":0,"enemies":"Chosen","floor":19,"turns":3},{"damage":17,"enemies":"3 Cultists","floor":20,"turns":5},{"damage":13,"enemies":"Snecko","floor":22,"turns":3},{"damage":3,"enemies":"Book of Stabbing","floor":23,"turns":3},{"damage":12,"enemies":"Slavers","floor":28,"turns":1}],"seed_played":"4701033880999437685","potions_obtained":[{"floor":3,"key":"SkillPotion"},{"floor":8,"key":"PowerPotion"},{"floor":14,"key":"Dexterity Potion"},{"floor":16,"key":"Energy Potion"},{"floor":19,"key":"Weak Potion"},{"floor":20,"key":"Ambrosia"}],"is_trial":false,"path_per_floor":["M","?","M","?","$","R","$","M","T","R","?","R","M","M","R","B",null,"M","M","M","?","M","E","R","T","T","?","E"],"character_chosen":"WATCHER","items_purchased":[],"campfire_rested":0,"item_purchase_floors":[],"current_hp_per_floor":[65,65,65,65,65,65,65,55,55,55,55,55,44,28,28,18,65,39,39,22,22,9,6,6,20,20,5,0],"gold":330,"neow_bonus":"REMOVE_TWO","is_prod":false,"is_daily":false,"chose_seed":false,"campfire_upgraded":5,"win_rate":0,"timestamp":1714874437,"path_taken":["M","?","?","?","$","R","?","?","T","R","?","R","?","M","R","BOSS","M","M","M","?","M","E","R","?","T","?","E"],"build_version":"2022-12-18","purchased_purges":1,"victory":false,"max_hp_per_floor":[65,65,65,65,65,65,65,65,65,65,65,65,65,65,65,65,65,65,65,65,65,65,65,65,79,79,84,84],"card_choices":[{"not_picked":["FlyingSleeves","Crescendo"],"picked":"Worship","floor":1},{"not_picked":["FearNoEvil","SashWhip"],"picked":"Crescendo","floor":3},{"not_picked":["JustLucky","EmptyFist","CarveReality"],"picked":"SKIP","floor":8},{"not_picked":["Crescendo","ThirdEye"],"picked":"Prostrate","floor":13},{"not_picked":["SashWhip","Evaluate","PathToVictory"],"picked":"SKIP","floor":14},{"not_picked":["DevaForm","LessonLearned"],"picked":"Establishment","floor":16},{"not_picked":["FollowUp","Halt"],"picked":"CarveReality+1","floor":18},{"not_picked":["Crescendo","PathToVictory"],"picked":"FlurryOfBlows","floor":19},{"not_picked":["EmptyBody","Swivel"],"picked":"Wallop+1","floor":20},{"not_picked":["ThirdEye+1","JustLucky","SashWhip"],"picked":"SKIP","floor":22},{"not_picked":["EmptyBody","FlurryOfBlows"],"picked":"Consecrate","floor":23}],"player_experience":182583,"relics_obtained":[{"floor":9,"key":"StoneCalendar"},{"floor":23,"key":"Frozen Egg 2"},{"floor":25,"key":"Mango"},{"floor":26,"key":"Bag of Marbles"}],"event_choices":[{"damage_healed":0,"gold_gain":0,"player_choice":"Upgraded","damage_taken":0,"max_hp_gain":0,"max_hp_loss":0,"event_name":"Upgrade Shrine","floor":2,"gold_loss":0,"cards_upgraded":["Eruption"]},{"cards_removed":["Defend_P"],"damage_healed":0,"gold_gain":0,"player_choice":"Card Removal","damage_taken":0,"max_hp_gain":0,"max_hp_loss":0,"event_name":"The Cleric","floor":4,"gold_loss":50},{"damage_healed":0,"gold_gain":100,"player_choice":"Pray","damage_taken":0,"max_hp_gain":0,"max_hp_loss":0,"event_name":"Golden Shrine","floor":11,"gold_loss":0},{"damage_healed":0,"gold_gain":0,"player_choice":"Read","damage_taken":0,"max_hp_gain":0,"max_hp_loss":0,"event_name":"The Library","floor":21,"gold_loss":0,"cards_obtained":["Adaptation"]},{"damage_healed":0,"gold_gain":0,"player_choice":"Shed Blood","damage_taken":20,"max_hp_gain":5,"max_hp_loss":0,"event_name":"Forgotten Altar","floor":27,"gold_loss":0}],"is_beta":false,"boss_relics":[{"not_picked":["Runic Pyramid","Astrolabe"],"picked":"Empty Cage"}],"items_purged_floors":[5],"is_endless":false,"potions_floor_spawned":[3,8,14,16,19,20],"killed_by":"Slavers","ascension_level":2}