{"gold_per_floor":[118,118,118,131,131,147,72,72,72,106,106,122,147,162,162,266,266,285,304,304,324,324,354,279,125,125,157,32,44,60,14,14,113,113,127,127,0,0,350,385,398,416,416,416],"floor_reached":44,"playtime":6601,"items_purged":["Decay","Writhe","Defend_P"],"score":611,"play_id":"f97ba9d3-8d79-4b95-bea8-6090a85a6e92","local_time":"20240430103136","is_ascension_mode":false,"campfire_choices":[{"data":"Apotheosis","floor":11,"key":"SMITH"},{"floor":15,"key":"REST"},{"floor":32,"key":"REST"}],"neow_cost":"CURSE","seed_source_timestamp":71767325090800,"circlet_count":0,"master_deck":["Strike_P","Strike_P","Strike_P","Eruption","Vigilance","Apotheosis+1","Prostrate","Prostrate","FlurryOfBlows","Devotion","Crescendo","EmptyMind","Wallop","Ragnarok","CrushJoints+1","Halt+1","Ghostly","Ghostly","Ghostly","Ghostly","Ghostly","DevaForm","Prostrate","Pray","Meditate","BattleHymn","CutThroughFate","Ragnarok","ConjureBlade+1","Adaptation+1","DeceiveReality+1","EmptyMind","Prostrate+1","Adaptation+1","CrushJoints+1"],"relics":["PureWater","Damaru","Eternal Feather","Letter Opener","Bottled Lightning","Bag of Preparation","Fusion Hammer","Mercury Hourglass","Kunai","Mango","MealTicket","Astrolabe","Red Mask","Old Coin","Boot","Mummified Hand"],"potions_floor_usage":[40,40,44,44],"damage_taken":[{"damage":8,"enemies":"Jaw Worm","floor":1,"turns":4},{"damage":4,"enemies":"Small Slimes","floor":4,"turns":4},{"damage":0,"enemies":"Cultist","floor":6,"turns":3},{"damage":12,"enemies":"Lagavulin","floor":10,"turns":7},{"damage":4,"enemies":"Looter","floor":12,"turns":4},{"damage":2,"enemies":"Gremlin Nob","floor":13,"turns":3},{"damage":0,"enemies":"2 Fungi Beasts","floor":14,"turns":2},{"damage":2,"enemies":"The Guardian","floor":16,"turns":6},{"damage":2,"enemies":"Chosen","floor":18,"turns":4},{"damage":2,"enemies":"3 Byrds","floor":19,"turns":3},{"damage":0,"enemies":"Sentry and Sphere","floor":21,"turns":3},{"damage":0,"enemies":"Gremlin Leader","floor":23,"turns":4},{"damage":0,"enemies":"Slavers","floor":27,"turns":4},{"damage":0,"enemies":"Shelled Parasite and Fungi","floor":29,"turns":2},{"damage":0,"enemies":"Centurion and Healer","floor":30,"turns":3},{"damage":2,"enemies":"Collector","floor":33,"turns":5},{"damage":0,"enemies":"Orb Walker","floor":35,"turns":3},{"damage":1,"enemies":"Mind Bloom Boss Battle","floor":39,"turns":4},{"damage":10,"enemies":"Nemesis","floor":40,"turns":5},{"damage":33,"enemies":"3 Shapes","floor":41,"turns":4},{"damage":0,"enemies":"Jaw Worm Horde","floor":42,"turns":2},{"damage":17,"enemies":"2 Orb Walkers","floor":44,"turns":2}],"seed_played":"8761824970454435915","potions_obtained":[{"floor":4,"key":"Regen Potion"},{"floor":6,"key":"Swift Potion"},{"floor":13,"key":"Explosive Potion"},{"floor":23,"key":"AttackPotion"},{"floor":33,"key":"Energy Potion"},{"floor":40,"key":"DistilledChaos"},{"floor":41,"key":"EssenceOfSteel"}],"is_trial":false,"path_per_floor":["M","?","?","M","?","M","$","?","T","E","R","M","E","M","R","B",null,"M","M","?","M","?","E","?","$","T","E","$","M","M","$","R","B",null,"M","$","?","?","?","E","M","M","T","?"],"character_chosen":"WATCHER","items_purchased":["Prostrate","CutThroughFate"],"campfire_rested":2,"item_purchase_floors":[25,31],"current_hp_per_floor":[64,61,61,57,50,50,50,50,50,38,47,43,41,41,71,69,72,70,68,36,36,36,36,36,36,50,50,50,50,50,50,50,48,50,50,50,50,50,49,47,14,14,14,0],"gold":416,"neow_bonus":"RANDOM_COLORLESS_2","is_prod":false,"is_daily":false,"chose_seed":false,"campfire_upgraded":1,"win_rate":0.0,"timestamp":1714444296,"path_taken":["M","?","?","M","?","?","$","?","T","E","R","M","E","M","R","BOSS","M","?","?","M","?","E","?","$","T","E","$","M","M","?","R","BOSS","M","$","?","?","?","E","M","M","T","?"],"build_version":"2022-12-18","purchased_purges":3,"victory":false,"max_hp_per_floor":[72,72,72,72,72,72,72,72,72,72,72,72,72,72,72,72,72,72,72,36,36,36,36,36,36,50,50,50,50,50,50,50,50,50,50,50,50,50,50,50,50,50,50,50],"card_choices":[{"not_picked":["Sadistic Nature","Chrysalis"],"picked":"Apotheosis","floor":0},{"not_picked":["Halt","WaveOfTheHand"],"picked":"Prostrate","floor":1},{"not_picked":["Protect","FollowUp"],"picked":"Prostrate","floor":4},{"not_picked":["WaveOfTheHand","Fasting2"],"picked":"FlurryOfBlows","floor":6},{"not_picked":["PathToVictory","ThirdEye"],"picked":"Devotion","floor":10},{"not_picked":["FlurryOfBlows","Consecrate"],"picked":"Crescendo","floor":12},{"not_picked":["FollowUp","WindmillStrike"],"picked":"EmptyMind","floor":13},{"not_picked":["WindmillStrike","Evaluate"],"picked":"Wallop","floor":14},{"not_picked":["Blasphemy","Scrawl"],"picked":"Ragnarok","floor":16},{"not_picked":["Fasting2+1","SignatureMove"],"picked":"CrushJoints+1","floor":18},{"not_picked":["Indignation+1","EmptyBody"],"picked":"Halt+1","floor":19},{"not_picked":["Evaluate","Fasting2","ThirdEye"],"picked":"SKIP","floor":21},{"not_picked":["Evaluate","PathToVictory"],"picked":"DevaForm","floor":23},{"not_picked":["SashWhip+1","ClearTheMind"],"picked":"Pray","floor":27},{"not_picked":["TalkToTheHand+1","Nirvana"],"picked":"Meditate","floor":29},{"not_picked":["FearNoEvil","SignatureMove+1"],"picked":"BattleHymn","floor":30},{"not_picked":["ConjureBlade","Devotion"],"picked":"Ragnarok","floor":33},{"not_picked":["ThirdEye","Protect"],"picked":"EmptyMind","floor":35},{"not_picked":["BowlingBash+1","Consecrate+1"],"picked":"Prostrate+1","floor":39},{"not_picked":["TalkToTheHand","FearNoEvil+1"],"picked":"Adaptation+1","floor":40},{"not_picked":["BowlingBash+1","EmptyBody+1","Blasphemy"],"picked":"SKIP","floor":41},{"not_picked":["FlyingSleeves+1","Evaluate"],"picked":"CrushJoints+1","floor":42}],"player_experience":31635,"relics_obtained":[{"floor":9,"key":"Letter Opener"},{"floor":10,"key":"Bottled Lightning"},{"floor":13,"key":"Bag of Preparation"},{"floor":23,"key":"Kunai"},{"floor":26,"key":"Mango"},{"floor":27,"key":"MealTicket"},{"floor":39,"key":"Old Coin"},{"floor":40,"key":"Boot"},{"floor":43,"key":"Mummified Hand"}],"event_choices":[{"damage_healed":0,"gold_gain":0,"player_choice":"Success","damage_taken":3,"relics_obtained":["Damaru"],"max_hp_gain":0,"max_hp_loss":0,"event_name":"Scrap Ooze","floor":2,"gold_loss":0},{"damage_healed":0,"gold_gain":0,"player_choice":"Box","damage_taken":0,"relics_obtained":["Eternal Feather"],"max_hp_gain":0,"max_hp_loss":0,"event_name":"Big Fish","floor":3,"gold_loss":0,"cards_obtained":["Regret"]},{"cards_removed":["Regret"],"damage_healed":0,"gold_gain":0,"player_choice":"Card Removal","damage_taken":7,"max_hp_gain":0,"max_hp_loss":0,"event_name":"Golden Wing","floor":5,"gold_loss":0},{"damage_healed":0,"gold_gain":0,"player_choice":"Cursed","damage_taken":0,"max_hp_gain":0,"max_hp_loss":0,"event_name":"Wheel of Change","floor":8,"gold_loss":0,"cards_obtained":["Decay"]},{"damage_healed":0,"gold_gain":0,"player_choice":"Became a Ghost","damage_taken":0,"max_hp_gain":0,"max_hp_loss":36,"event_name":"Ghosts","floor":20,"gold_loss":0,"cards_obtained":["Ghostly","Ghostly","Ghostly","Ghostly","Ghostly"]},{"damage_healed":0,"gold_gain":0,"player_choice":"Opened","damage_taken":0,"relics_obtained":["Mercury Hourglass"],"max_hp_gain":0,"max_hp_loss":0,"event_name":"The Mausoleum","floor":22,"gold_loss":0,"cards_obtained":["Writhe"]},{"cards_removed":["Decay"],"damage_healed":0,"gold_gain":0,"player_choice":"Gave Gold","damage_taken":0,"max_hp_gain":0,"max_hp_loss":0,"event_name":"Beggar","floor":24,"gold_loss":75},{"damage_healed":0,"gold_gain":0,"player_choice":"Paid","damage_taken":0,"relics_obtained":["Red Mask"],"max_hp_gain":0,"max_hp_loss":0,"event_name":"Tomb of Lord Red Mask","floor":37,"gold_loss":127},{"cards_removed":["Strike_P"],"damage_healed":0,"gold_gain":0,"player_choice":"Removed Attack","damage_taken":0,"max_hp_gain":0,"max_hp_loss":0,"event_name":"Falling","floor":38,"gold_loss":0},{"damage_healed":0,"gold_gain":0,"player_choice":"Fight","damage_taken":0,"max_hp_gain":0,"max_hp_loss":0,"event_name":"MindBloom","floor":39,"gold_loss":0},{"damage_healed":0,"gold_gain":0,"player_choice":"Fight","damage_taken":0,"max_hp_gain":0,"max_hp_loss":0,"event_name":"Mysterious Sphere","floor":44,"gold_loss":0}],"is_beta":false,"boss_relics":[{"not_picked":["Cursed Key","Sozu"],"picked":"Fusion Hammer"},{"not_picked":["Snecko Eye","SlaversCollar"],"picked":"Astrolabe"}],"items_purged_floors":[7,25,28],"is_endless":false,"potions_floor_spawned":[4,6,13,21,23,33,35,40,41],"killed_by":"2 Orb Walkers","ascension_level":0}