{"gold_per_floor":[217,97,107,32,48,48,68,68,92,129,152,164,176],"floor_reached":13,"playtime":377,"items_purged":["Defend_P"],"score":98,"play_id":"0529507a-c741-489e-8548-3d9218ce18b4","local_time":"20240508235932","is_ascension_mode":true,"campfire_choices":[{"data":"Eruption","floor":6,"key":"SMITH"},{"data":"ClearTheMind","floor":8,"key":"SMITH"}],"neow_cost":"NONE","seed_source_timestamp":222374700555700,"circlet_count":0,"master_deck":["Strike_P","Strike_P","Strike_P","Strike_P","Defend_P","Defend_P","Defend_P","Eruption+1","Vigilance","ClearTheMind+1"],"relics":["PureWater","Ancient Tea Set","MawBank","GoldenEye","Meat on the Bone"],"potions_floor_usage":[10,10,13],"damage_taken":[{"damage":5,"enemies":"2 Louse","floor":1,"turns":2},{"damage":0,"enemies":"Cultist","floor":3,"turns":3},{"damage":4,"enemies":"Jaw Worm","floor":5,"turns":3},{"damage":9,"enemies":"3 Louse","floor":7,"turns":4},{"damage":27,"enemies":"3 Sentries","floor":10,"turns":7},{"damage":0,"enemies":"Blue Slaver","floor":11,"turns":4},{"damage":17,"enemies":"The Mushroom Lair","floor":13,"turns":2}],"seed_played":"7845817523925013808","potions_obtained":[{"floor":5,"key":"CultistPotion"},{"floor":7,"key":"AttackPotion"},{"floor":11,"key":"Strength Potion"}],"is_trial":false,"path_per_floor":["M","?","M","$","M","R","M","R","T","E","M","?","?"],"character_chosen":"WATCHER","items_purchased":[],"campfire_rested":0,"item_purchase_floors":[],"current_hp_per_floor":[67,67,67,67,63,63,54,54,54,27,27,15,0],"gold":176,"neow_bonus":"HUNDRED_GOLD","is_prod":false,"is_daily":false,"chose_seed":false,"campfire_upgraded":2,"win_rate":0,"timestamp":1715183972,"path_taken":["M","?","M","$","?","R","M","R","T","E","M","?","?"],"build_version":"2022-12-18","purchased_purges":1,"victory":false,"max_hp_per_floor":[72,72,72,72,72,72,72,72,72,72,72,72,72],"card_choices":[{"not_picked":["CutThroughFate","WindmillStrike","ForeignInfluence"],"picked":"SKIP","floor":1},{"not_picked":["Consecrate","Halt"],"picked":"ClearTheMind","floor":3},{"not_picked":["WaveOfTheHand","SashWhip","PathToVictory"],"picked":"SKIP","floor":5},{"not_picked":["Halt","EmptyBody","FollowUp"],"picked":"SKIP","floor":7},{"not_picked":["WreathOfFlame","Vengeance","ClearTheMind"],"picked":"SKIP","floor":10},{"not_picked":["Evaluate","Prostrate","JustLucky"],"picked":"SKIP","floor":11}],"player_experience":223812,"relics_obtained":[{"floor":9,"key":"MawBank"},{"floor":10,"key":"GoldenEye"}],"event_choices":[{"damage_healed":0,"gold_gain":0,"player_choice":"Paid Gold","damage_taken":0,"relics_obtained":["Ancient Tea Set"],"max_hp_gain":0,"max_hp_loss":0,"event_name":"WeMeetAgain","floor":2,"gold_loss":120},{"damage_healed":0,"gold_gain":0,"player_choice":"Success","damage_taken":12,"relics_obtained":["Meat on the Bone"],"max_hp_gain":0,"max_hp_loss":0,"event_name":"Scrap Ooze","floor":12,"gold_loss":0},{"damage_healed":0,"gold_gain":0,"player_choice":"Fought Mushrooms","damage_taken":0,"max_hp_gain":0,"max_hp_loss":0,"event_name":"Mushrooms","floor":13,"gold_loss":0}],"is_beta":false,"boss_relics":[],"items_purged_floors":[4],"is_endless":false,"potions_floor_spawned":[5,7,11],"killed_by":"The Mushroom Lair","ascension_level":3}